@book{burns2012r,
  title={The R inferno},
  author={Burns, Patrick},
  year={2012},
  publisher={Lulu. com}
}


@Book{xie2015,
  title = {Dynamic Documents with {R} and knitr},
  author = {Yihui Xie},
  publisher = {Chapman and Hall/CRC},
  address = {Boca Raton, Florida},
  year = {2015},
  edition = {2nd},
  note = {ISBN 978-1498716963},
  url = {http://yihui.name/knitr/},
}

@Book{xie2016bookdown,
    title = {{bookdown}: Authoring Books and Technical Documents with {R}
      Markdown},
    author = {Yihui Xie},
    publisher = {Chapman and Hall/CRC},
    address = {Boca Raton, Florida},
    year = {2016},
    note = {ISBN 978-1138700109},
    url = {https://github.com/rstudio/bookdown},
  }

@book{wickham2014advanced,
  title={Advanced r},
  author={Wickham, Hadley},
  year={2014},
  publisher={Chapman and Hall/CRC}
}