@article{chernoff1954use,
  title={The Use of Maximum Likelihood Estimates in $\chi$2 Tests for Goodness of Fit},
  author={Chernoff, Herman and Lehmann, EL},
  journal={The Annals of Mathematical Statistics},
  pages={579--586},
  year={1954},
  publisher={JSTOR}
}

@article{Ahre:Diet:comp:1982,
  title =	 {Computer Generation of {P}oisson Deviates from
                  Modified Normal Distributions},
  author =	 {Ahrens, Joachim H and Dieter, Ulrich},
  journal =	 {ACM Transactions on Mathematical Software (TOMS)},
  volume =	 8,
  number =	 2,
  pages =	 {163--179},
  year =	 1982,
  publisher =	 {ACM}
}

@article{Bera:Bili:the:2002,
  title =	 {The {MM}, {ME}, {ML}, {EL}, {EF} and {GMM}
                  Approaches to Estimation: {A} Synthesis},
  author =	 {Bera, Anil K and Bilias, Yannis},
  journal =	 {Journal of Econometrics},
  volume =	 107,
  number =	 1,
  pages =	 {51--86},
  year =	 2002,
  publisher =	 {Elsevier}
}

@article{Boot:Hobe:maxi:1999,
  title =	 {Maximizing Generalized Linear Mixed Model
                  Likelihoods with an Automated {M}onte {C}arlo {EM}
                  Algorithm},
  author =	 {Booth, James G and Hobert, James P},
  journal =	 {Journal of the Royal Statistical Society: Series B
                  (Statistical Methodology)},
  volume =	 61,
  number =	 1,
  pages =	 {265--285},
  year =	 1999,
  publisher =	 {Wiley Online Library}
}

@article{Brow:Wang:indu:2007,
  author =	 {Brown, B. M. and Wang, You-Gan},
  title =	 {Induced Smoothing for Rank Regression with Censored
                  Survival Times},
  year =	 2007,
  journal =	 {Statistics in Medicine},
  volume =	 26,
  number =	 4,
  pages =	 {828--836},
  keywords =	 {Accelerated failure time model; Censored data;
                  covariance estimates; Gehan-Wilcoxon estimates;
                  monotone estimating functions; Standard errors},
  CISid =	 277873,
}

@article{Brow:Wang:stan:2005,
  author =	 {Brown, B. M. and Wang, You-Gan},
  title =	 {Standard Errors and Covariance Matrices for Smoothed
                  Rank Estimators},
  year =	 2005,
  journal =	 {Biometrika},
  volume =	 92,
  number =	 1,
  pages =	 {149--158},
  keywords =	 {Covariance estimator; Estimating function; Induced
                  smoothing; Kernel estimator; Linearisation; One step
                  estimation; Rank estimation; Sandwich formula;
                  Second-order convergence; Standard error; Wilcoxon
                  estimator},
  CISid =	 244655
}

@article{Chen:Chan:Sten:redu:2012,
  title =	 {Reduced Rank Stochastic Regression with a Sparse
                  Singular Value Decomposition},
  author =	 {Chen, Kun and Chan, Kung-Sik and Stenseth, Nils Chr},
  journal =	 {Journal of the Royal Statistical Society: Series B
                  (Statistical Methodology)},
  volume =	 74,
  number =	 2,
  pages =	 {203--221},
  year =	 2012,
  publisher =	 {Wiley Online Library}
}

@book{Cinl:intr:1975,
  title =	 {Introduction to Stochastic Processes},
  year =	 1975,
  author =	 {Cinlar, Erhan},
  publisher =	 {Printice-Hall},
  address =	 {Englewood Cliffs, NJ}
}

@book{Cox:Lewi:stat:1966,
  title =	 {The Statistical Analysis of Series of Events},
  author =	 {Cox, D R and Lewis, P},
  year =	 1966,
  publisher =	 {John Wiley and Sons}
}

@book{Davi:Hink:boot:1997,
  title =	 {Bootstrap Methods and Their Application},
  author =	 {Davison, Anthony Christopher},
  year =	 1997,
  publisher =	 {Cambridge University Press}
}

@article{Davi:Pado:Riba:stat:2012,
  author =	 {Davison, A. C. and Padoan, S. A. and Ribatet, M.},
  title =	 {Statistical Modeling of Spatial Extremes (with
                  Discussion)},
  journal =	 {Statistical Science},
  year =	 2012,
  volume =	 27,
  number =	 2,
  pages =	 {161--188}
}

@article{Demp:Lair:Rubi:maxi:1977,
  title =	 {Maximum Likelihood from Incomplete Data via the {EM}
                  Algorithm},
  author =	 {Dempster, Arthur P and Laird, Nan M and Rubin,
                  Donald B},
  journal =	 {Journal of the royal statistical society. Series B
                  (methodological)},
  pages =	 {1--38},
  year =	 1977,
  volume =	 39,
  number =	 1,
  publisher =	 {JSTOR}
}

@Book{Edde:seam:2013,
  title =	 {Seamless {R} and {C++} Integration with {Rcpp}},
  author =	 {Dirk Eddelbuettel},
  publisher =	 {Springer},
  address =	 {New York},
  year =	 2013,
  note =	 {ISBN 978-1-4614-6867-7},
}

@article{Efro:boot:1979,
  title =	 {Bootstrap Methods: {A}nother Look at the Jackknife},
  author =	 {Efron, Bradley},
  journal =	 {The annals of Statistics},
  pages =	 {1--26},
  volume =	 7,
  number =	 1,
  year =	 1979,
  publisher =	 {JSTOR}
}

@article{Gilk:Best:Tan:adap:1995,
  author =	 {Gilks, Wally R and Best, N G and Tan, K K C},
  title =	 {Adaptive Rejection {M}etropolis Sampling within
                  {G}ibbs Sampling},
  journal =	 {Applied Statistics},
  year =	 1995,
  volume =	 44,
  pages =	 {455--473}
}

@article{Heff:Tawn:cond:2004,
  title =	 {A Conditional Approach for Multivariate Extreme
                  Values (with discussion)},
  author =	 {Heffernan, Janet E and Tawn, Jonathan A},
  journal =	 {Journal of the Royal Statistical Society: Series B
                  (Statistical Methodology)},
  volume =	 66,
  number =	 3,
  pages =	 {497--546},
  year =	 2004,
  publisher =	 {Wiley Online Library}
}

@article{Iman:Cono:dist:1982,
  title =	 {A Distribution-Free Approach to Inducing Rank
                  Correlation among Input Variables},
  author =	 {Iman, Ronald L and Conover, William-Jay},
  journal =	 {Communications in Statistics: Simulation and
                  Computation},
  volume =	 11,
  number =	 3,
  pages =	 {311--334},
  year =	 1982,
  publisher =	 {Taylor \& Francis}
}

@article{John:Stra:indu:2009,
  author =	 {Johnson, Lynn M. and Strawderman, Robert L.},
  title =	 {Induced Smoothing for the Semiparametric Accelerated
                  Failure Time Model: {A}symptotics and Extensions to
                  Clustered Data},
  year =	 2009,
  journal =	 {Biometrika},
  volume =	 96,
  number =	 3,
  pages =	 {577--590},
  keywords =	 {Censoring; convex optimization; multivariate
                  survival data; Rank regression},
  CISid =	 311050,
}

@article{Koja:Yan:comp:2010,
  author =	 {I. Kojadinovic and J. Yan},
  title =	 {Comparison of Three Semiparametric Methods for
                  Estimating Dependence Parameters in Copula Models},
  year =	 2010,
  journal =	 {Insurance: Mathematics and Economics},
  volume =	 47,
  number =	 1,
  pages =	 {52--63}
}

@article{Koja:Yan:good:2012,
  author =	 {Kojadinovic, Ivan and Yan, Jun},
  title =	 {Goodness-of-Fit Testing Based on a Weighted
                  Bootstrap: {A} Fast Large-Sample Alternative to the
                  Parametric Bootstrap},
  journal =	 {Canadian Journal of Statistics},
  volume =	 40,
  number =	 3,
  doi =		 {10.1002/cjs.11135},
  pages =	 {480--500},
  keywords =	 {Asymptotically linear estimator, empirical process,
                  multiplier central limit theorem, multivariate t
                  distribution, MSC 2010: Primary 62H15, secondary
                  62F03},
  year =	 2012,
}

@article{Krei:Papa:boot:2011,
  title =	 {Bootstrap Methods for Dependent Data: {A} Review},
  author =	 {Kreiss, Jens-Peter and Paparoditis, Efstathios},
  journal =	 {Journal of the Korean Statistical Society},
  volume =	 40,
  number =	 4,
  pages =	 {357--378},
  year =	 2011,
  publisher =	 {Elsevier}
}

@book{Lang:nume:2010,
  author =	 {Lange, Kenneth},
  title =	 {Numerical Analysis for Statisticians},
  year =	 2010,
  edition =	 2,
  publisher =	 {Springer-Verlag Inc},
  isbn =	 {0-387-94979-8},
  CISid =	 209509
}

@article{Lavi:Case:impl:2001,
  title =	 {Implementations of the {M}onte {C}arlo {EM}
                  Algorithm},
  author =	 {Levine, Richard A and Casella, George},
  journal =	 {Journal of Computational and Graphical Statistics},
  volume =	 10,
  number =	 3,
  pages =	 {422--439},
  year =	 2001,
  publisher =	 {Taylor \& Francis}
}

@article{Lewi:Shed:simu:1979,
  title =	 {Simulation of Nonhomogeneous {P}oisson Processes by
                  Thinning},
  author =	 {Lewis, Peter A and Shedler, Gerald S},
  journal =	 {Naval Research Logistics Quarterly},
  volume =	 26,
  number =	 3,
  pages =	 {403--413},
  year =	 1979,
  publisher =	 {Wiley Online Library}
}

@article{Lian:Zege:long:1986,
  author =	 {Liang, Kung-Yee and Zeger, Scott L.},
  title =	 {Longitudinal Data Analysis Using Generalized Linear
                  Models},
  year =	 1986,
  journal =	 {Biometrika},
  volume =	 73,
  pages =	 {13--22},
  keywords =	 {Repeated measures},
  CISid =	 86731
}

@article{Mars:eval:2004,
  author =	 "George Marsaglia",
  title =	 "Evaluating the Normal Distribution",
  journal =	 "Journal of Statistical Software",
  volume =	 11,
  number =	 5,
  pages =	 "1--11",
  day =		 18,
  month =	 7,
  year =	 2004,
  CODEN =	 "JSSOBK",
  ISSN =	 "1548-7660",
  bibdate =	 "2004-07-18",
  URL =		 "http://www.jstatsoft.org/v11/i05",
  accepted =	 "2004-07-18",
  submitted =	 "2004-06-05",
}

@article{Meng:Rubi:maxi:1993,
  title =	 {Maximum Likelihood Estimation via the {ECM}
                  algorithm: {A} General Framework},
  author =	 {Meng, Xiao-Li and Rubin, Donald B},
  journal =	 {Biometrika},
  volume =	 80,
  number =	 2,
  pages =	 {267--278},
  year =	 1993,
  publisher =	 {Biometrika Trust}
}

@article{Meng:Rubi:usin:1991,
  title =	 {Using {EM} to Obtain Asymptotic Variance-Covariance
                  Matrices: {T}he {SEM} Algorithm},
  author =	 {Meng, Xiao-Li and Rubin, Donald B},
  journal =	 {Journal of the American Statistical Association},
  volume =	 86,
  number =	 416,
  pages =	 {899--909},
  year =	 1991,
  publisher =	 {Taylor \& Francis}
}

@article{Oake:dire:1999,
  title =	 {Direct Calculation of the Information Matrix via the
                  {EM}},
  author =	 {Oakes, David},
  journal =	 {Journal of the Royal Statistical Society: Series B
                  (Statistical Methodology)},
  volume =	 61,
  number =	 2,
  pages =	 {479--482},
  year =	 1999,
  publisher =	 {Wiley Online Library}
}

@inbook{Pasu:gene:2010,
  title =	 {Generating Nonhomogeneous {P}oisson Processes},
  author =	 {Pasupathy, Raghu},
  editor =	 {Cochran, James J. and Cox, Louis A. and Keskinocak,
                  Pinar and Kharoufeh, Jeffrey P. and Smith, J. Cole},
  publisher =	 {John Wiley \& Sons},
  isbn =	 9780470400531,
  url =		 {http://dx.doi.org/10.1002/9780470400531.eorms0356},
  doi =		 {10.1002/9780470400531.eorms0356},
  keywords =	 {statistics, simulation, random process generation,
                  Poisson processes},
  booktitle =	 {Wiley Encyclopedia of Operations Research and
                  Management Science},
  year =	 2010,
}

@article{Pozd:Meye:Wang:Yan:on:2014,
  title =	 {On Modeling Animal Movements Using {B}rownian Motion
                  with Measurement Error},
  author =	 {Vladimir Pozdnyakov and Thomas Meyer and Yu-Bo Wang
                  and Jun Yan},
  journal =	 {Ecology},
  year =	 2014,
  volume =	 95,
  number =	 2,
  pages =	 {247--253}
}

@article{Qu:Lind:Li:impr:2000,
  author =	 {Qu, Annie and Lindsay, Bruce G. and Li, Bing},
  title =	 {Improving Generalised Estimating Equations Using
                  Quadratic Inference Functions},
  year =	 2000,
  journal =	 {Biometrika},
  volume =	 87,
  number =	 4,
  pages =	 {823--836},
  keywords =	 {generalised method of moments; linear approximate
                  inverse; Longitudinal data; quadratic inference
                  function; Quasilikelihood}
}

@article{Qu:Song:asse:2004,
  title =	 {Assessing Robustness of Generalised Estimating
                  Equations and Quadratic Inference Functions},
  author =	 {Qu, Annie and Song, Peter X-K},
  journal =	 {Biometrika},
  volume =	 91,
  number =	 2,
  pages =	 {447--459},
  year =	 2004,
  publisher =	 {Biometrika Trust}
}

@book{Robe:Case:mont:2004,
  title =	 {Monte Carlo statistical methods},
  author =	 {Robert, Christian and Casella, George},
  year =	 2014,
  publisher =	 {Springer}
}

@article{Tawn:extr:1988,
  title =	 {An Extreme-Value Theory Model for Dependent
                  Observations},
  author =	 {Tawn, Jonathan A},
  journal =	 {Journal of Hydrology},
  volume =	 101,
  number =	 1,
  pages =	 {227--250},
  year =	 1988,
  publisher =	 {Elsevier}
}

@article{Wang:Yan:prac:2013,
  title =	 {Practical Notes On Multivariate Modeling Based on
                  Elliptical Copulas},
  author =	 {Wang, Xiaojing and Yan, Jun},
  journal =	 {Journal de la Soci{\'e}t{\'e} Fran{\c{c}}aise de
                  Statistique},
  volume =	 154,
  number =	 1,
  pages =	 {102--115},
  year =	 2013
}

@article{Wedd:quas:1974,
  title =	 {Quasi-Likelihood Functions, Generalized Linear
                  Models, and the {G}auss--{N}ewton Method},
  author =	 {Wedderburn, Robert WM},
  journal =	 {Biometrika},
  volume =	 61,
  number =	 3,
  pages =	 {439--447},
  year =	 1974,
  publisher =	 {Biometrika Trust}
}

@article{Wei:Tann:mont:1990,
  title =	 {A {M}onte {C}arlo Implementation of the {EM}
                  Algorithm and the Poor Man's Data Augmentation
                  Algorithms},
  author =	 {Wei, Greg CG and Tanner, Martin A},
  journal =	 {Journal of the American statistical Association},
  volume =	 85,
  number =	 411,
  pages =	 {699--704},
  year =	 1990,
  publisher =	 {Taylor \& Francis}
}

@article{West:Brau:effe:2012,
  title =	 {The Effect of Cluster Size Imbalance and Covariates
                  on the Estimation Performance of Quadratic Inference
                  Functions},
  author =	 {Westgate, Philip M and Braun, Thomas M},
  journal =	 {Statistics in Medicine},
  volume =	 31,
  number =	 20,
  pages =	 {2209--2222},
  year =	 2012,
  publisher =	 {Wiley Online Library}
}

@article{West:impr:2014,
  title =	 {Improving the Correlation Structure Selection
                  Approach for Generalized Estimating Equations and
                  Balanced Longitudinal Data},
  author =	 {Westgate, Philip M},
  journal =	 {Statistics in Medicine},
  volume =	 33,
  number =	 13,
  pages =	 {2222--2237},
  year =	 2014,
  publisher =	 {Wiley Online Library}
}

@article{Yan:Cowl:Wang:Arms:para:2007,
  author =	 {Yan, J. and Cowles, M. K. and Wang, S. and
                  Armstrong, M. P.},
  year =	 2007,
  title =	 {Parallelizing {MCMC} for {B}ayesian Spatiotemporal
                  Geostatistical Models},
  journal =	 {Statistics and Computing},
  volume =	 17,
  number =	 4,
  pages =	 {323--335}
}

@book{de2001practical,
  title =	 {A Practical Guide to Splines},
  author =	 {De Boor, Carl},
  year =	 2001,
  publisher =	 {Springer-Verlag},
  address =	 {New York}
}

@article{eilers1996flexible,
  title =	 {Flexible Smoothing with B-Splines and Penalties},
  author =	 {Eilers, Paul H C and Marx, Brian D},
  journal =	 {Statistical Science},
  pages =	 {89--121},
  volume =	 11,
  number =	 2,
  year =	 1996,
  publisher =	 {JSTOR}
}

@article{elixhauser1998comorbidity,
  title =	 {Comorbidity Measures for Use with Administrative
                  Data},
  author =	 {Elixhauser, Anne and Steiner, Claudia and Harris, D
                  Robert and Coffey, Rosanna M},
  journal =	 {Medical Care},
  volume =	 36,
  number =	 1,
  pages =	 {8--27},
  year =	 1998,
  publisher =	 {LWW}
}

@misc{hill2011minimum,
  title =	 {The Minimum of $n$ Independent Normal Distributions},
  author =	 {Hill, Joshua E},
  year =	 2011,
  publisher =	 {Technical report, http://www. untruth. org/\~{}
                  josh/math/normal-min. PDF, accessed on August}
}

@article{nadarajah2008exact,
  title =	 {Exact distribution of the max/min of two Gaussian
                  random variables},
  author =	 {Nadarajah, Saralees and Kotz, Samuel},
  journal =	 {Very Large Scale Integration (VLSI) Systems, IEEE
                  Transactions on},
  volume =	 16,
  number =	 2,
  pages =	 {210--212},
  year =	 2008,
  publisher =	 {IEEE}
}

@book{van:Well:weak:1996,
  title =	 {Weak Convergence},
  author =	 {Van Der Vaart, Aad W and Wellner, Jon A},
  year =	 1996,
  publisher =	 {Springer}
}

@article{westgate2013improved,
  title =	 {An Improved Quadratic Inference Function for
                  Parameter Estimation in the Analysis of Correlated
                  Data},
  author =	 {Westgate, Philip M and Braun, Thomas M},
  journal =	 {Statistics in Medicine},
  volume =	 32,
  number =	 19,
  pages =	 {3260--3273},
  year =	 2013,
  publisher =	 {Wiley Online Library}
}
